@misc{humboldt_matching,
  author       = {Applied Predictive Modeling},
  title        = {Matching Methods},
  year         = {2019},
  url          = {https://humboldt-wi.github.io/blog/research/applied_predictive_modeling_19/matching_methods/},
  note         = {Accessed: 2024-05-20}
}

@article{dehejia1999,
  author       = {Dehejia, Rajeev H. and Wahba, Sadek},
  title        = {Causal Effects in Nonexperimental Studies: Reevaluating the Evaluation of Training Programs},
  journal      = {Journal of the American Statistical Association},
  volume       = {94},
  number       = {448},
  pages        = {1053-1062},
  year         = {1999},
  publisher    = {Taylor & Francis},
  url          = {https://www.tandfonline.com/doi/abs/10.1080/01621459.1999.10473858},
  note         = {Accessed: 2024-05-20}
}

@article{lalonde1986,
  author       = {LaLonde, Robert J.},
  title        = {Evaluating the Econometric Evaluations of Training Programs with Experimental Data},
  journal      = {The American Economic Review},
  volume       = {76},
  number       = {4},
  pages        = {604-620},
  year         = {1986},
  publisher    = {American Economic Association},
  url          = {https://www.jstor.org/stable/1806062},
  note         = {Accessed: 2024-05-20}
}

@misc{english2016causal,
  author       = {Paul English},
  title        = {Causal Inference on the Lalonde Dataset},
  year         = {2016},
  howpublished = {\url{https://github.com/paul-english/causal-inference-notes/blob/master/Causal%20Inference%20on%20the%20Lalonde%20Dataset.ipynb}},
  note         = {Accessed: 2024-05-20}
}

@inproceedings{rodolfa2020case,
  author       = {Rodolfa, Kaila T. and Salomon, Emily and Haynes, Laura and Mendieta, Iliana H. and Larson, Jeff and Ghani, Rayid},
  title        = {Case Study: Predictive Fairness to Reduce Misdemeanor Recidivism through Social Service Interventions},
  booktitle    = {Proceedings of the 2020 Conference on Fairness, Accountability, and Transparency},
  year         = {2020},
  month        = {January},
  pages        = {142-153}
}
