@misc{mayo2023depression,
  author = {Mayo Clinic},
  title = {Depression (major depressive disorder)},
  year = {2023},
  url = {https://www.mayoclinic.org/diseases-conditions/depression/symptoms-causes/syc-20356007},
  note = {Accessed: 2023-04-25}
}